%! Author = todos
%! Date = 16-Aug-23

